@inproceedings{hutchins-john-georgetown-ibm-system,
  title={The first public demonstration of machine translation: the Georgetown-IBM system, 7th January 1954},
  author={Hutchins, John},
  booktitle={AMTA conference},
  year={2004}
}

@inproceedings{mitkov-ruslan-ea-importance-corpora,
  title={The importance of annotated corpora for NLP: the cases of anaphora resolution and clause splitting},
  author={Mitkov, Ruslan and Orasan, Constantin and Evans, Richard},
  booktitle={Proceedings of Corpora and NLP: Reflecting on Methodology Workshop},
  pages={1--10},
  year={1999},
  organization={Citeseer}
}

@article{nielsen-finn-arup-afinn,
  title={A new ANEW: Evaluation of a word list for sentiment analysis in microblogs},
  author={Nielsen, Finn {\AA}rup},
  journal={arXiv preprint arXiv:1103.2903},
  year={2011}
}

@misc{wikipedia-natural-language-processing,
  author={Wikipedia},
  title={Natural language processing --- Wikipedia{,} The Free Encyclopedia},
  year={2014},
  url={http://en.wikipedia.org/w/index.php?title=Natural_language_processing&oldid=619923916},
  note={[Online; accessed 7-August-2014]}
}

@inproceedings{nltk-source,
  title={NLTK: the natural language toolkit},
  author={Bird, Steven},
  booktitle={Proceedings of the COLING/ACL on Interactive presentation sessions},
  pages={69--72},
  year={2006},
  organization={Association for Computational Linguistics}
}

@misc{opennlp-source,
  title={The opennlp project},
  author={Baldridge, Jason},
  publisher={Apache},
  type={Web},
  year={2005}
}

@misc{loadfive/knwl-source-code,
  title={Knwl.js},
  publisher={Loadfive},
  version={0.0.1},
  type={Source code}
}

@misc{mdevils/node-jscs-source-code,
  title={jscs},
  author={Dulin, Marat},
  authorid={mdevils},
  version={1.5.9},
  type={Source code}
}

@misc{jbrooksuk/node-summary-source-code,
  title={node-summary},
  author={Brooks, James},
  authorid={jbrooksuk},
  version={1.0.0},
  type={Source code}
}

@misc{MojoJolo/textteaser-source-code,
  title={textteaser},
  author={Balbin, Jolo},
  authorid={Mojojolo},
  type={Source code}
}

@misc{nhunzaker/speakeasy-source-code,
  title={speakeasy},
  author={Hunzaker, Nathan},
  version={0.2.2},
  type={Source code}
}

@misc{nytimes/emphasis-source-code,
  title={Emphasis},
  publisher={New York Times},
  type={Source code}
}

@misc{NaturalNode/natural-source-code,
  title={natural},
  author={Umbel, Chris and Ellis, Rob and Koch, Ken},
  version={0.1.28},
  type={Source code}
}

@misc{thinkroth/sentimental-source-code,
  title={Sentimental},
  author={Roth, Kevin},
  version={1.0.1},
  type={Source code}
}

@misc{mileszim/sediment-source-code,
  title={sediment},
  author={Zimmerman, Miles},
  version={0.9.2},
  type={Source code}
}

@misc{thisandagain/sentiment-source-code,
  title={sentiment},
  author={Sliwinski, Andrew},
  version={1.0.1},
  type={Source code}
}

@misc{stanbol-enhancer-nlp,
  title={Stanbol},
  publisher={Apache},
  version={0.12.1},
  type={Source code}
}

@misc{ariya/esprima-source-code,
  title={esprima},
  author={Hidayat, Ariya},
  version={1.2.2},
  type={Source code}
}

@misc{eslint/eslint-source-code,
  title={eslint},
  author={Zakas, Nicholas},
  version={0.7.4},
  type={Source code}
}

@misc{reworkcss/css-source-code,
  title={css},
  author={Holowaychuk, TJ and Baumgartner, Stefan and Ong, Jonathan and Mårtensson, Kevin and Bu, Michelle and Thirouin, Maxime and Gallagher, Nicolas and Sexton, Alex and (dead-horse)},
  version={2.1.0},
  type={Source code}
}

@misc{reworkcss/rework-source-code,
  title={rework},
  author={Holowaychuk, TJ and Baumgartner, Stefan and Ong, Jonathan and Mårtensson, Kevin and Bu, Michelle and Thirouin, Maxime and Gallagher, Nicolas and Sexton, Alex and (dead-horse)},
  version={1.0.0},
  type={Source code}
}

@misc{marijnh/acorn-source-code,
  title={acorn},
  author={Haverbeke, Marijn},
  version={0.6.0},
  type={Source code}
}

@misc{constellation/escodegen-source-code,
  title={escodegen},
  author={Suzuki, Yusuke},
  version={1.3.3},
  type={Source code}
}

@misc{visionmedia/mocha-source-code,
  title={mocha},
  author={Holowaychuk, TJ},
  version={1.21.4},
  type={Source code}
}

@misc{gotwarlost/istanbul-source-code,
  title={istanbul},
  author={Anantheswaran, Krishnan},
  version={0.3.0},
  type={Source code}
}

@article{francis-nelson-brown-corpus,
  title={Brown corpus manual},
  author={Francis, W Nelson and Kucera, Henry},
  journal={Brown University Department of Linguistics},
  year={1979}
}

@article{brants-thorsten-google-ngram-corpus,
  title={$\{$Web 1T 5-gram Version 1$\}$},
  author={Brants, Thorsten and Franz, Alex},
  year={2006},
  publisher={Linguistic Data Consortium, Philadelphia}
}

@book{mohri-mehryar-foundations-machine-learning,
  title={Foundations of machine learning},
  author={Mohri, Mehryar and Rostamizadeh, Afshin and Talwalkar, Ameet},
  year={2012},
  publisher={MIT press}
}

@inproceedings{bloch-joshua-how-design-good-api-why-matters,
  title={How to design a good API and why it matters},
  author={Bloch, Joshua},
  booktitle={Companion to the 21st ACM SIGPLAN symposium on Object-oriented programming systems, languages, and applications},
  pages={506--507},
  year={2006},
  organization={ACM}
}

@misc{technet-outlook-web-access,
  title={Outlook Web Access - A Catalyst for Web Evolution},
  journal={The Exchange Team Blog},
  type={Blog},
  day={21},
  month={jun},
  year={2005}
}

@misc{gmailblog-gmail-ajax,
  author={Hyder, Zohair},
  title={Gmail: 9 Years and Counting},
  journal={Official Gmail Blog},
  type={Blog},
  day={10},
  month={apr},
  year={2013}
}

@misc{attivio.com-doing-things-with-sentences,
  author={O'Neil, John},
  title={Doing Things with Words, Part Two: Sentence Boundary Detection},
  journal={Attivo},
  type={Blog},
  day={29},
  month={oct},
  year={2008}
}

@misc{dailyjs.com-natural-language-parsing-retext,
  author={Young, Alex},
  title={Natural Language Parsing with Retext},
  journal={DailyJS},
  type={Blog},
  day={31},
  month={jul},
  year={2014}
}

@misc{thegreenplace.net-abstract-concrete-syntax-trees,
  author={Bendersky, Eli},
  title={Abstract vs. Concrete Syntax Trees},
  journal={Eli Bendersky's Website},
  type={Blog},
  day={16},
  month={feb},
  year={2009}
}

@misc{reddit.com-mention-1,
  author={Polencic, Daniele},
  authorid={danielepolencic},
  title={Extensible system for analysing and manipulating natural language},
  publisher={Reddit},
  type={Web},
  day={29},
  month={jul},
  year={2014}
}

@misc{reddit.com-mention-2,
  author={Wormer, Titus},
  authorid={wooorm_},
  title={Natural Language Parsing with Retext},
  publisher={Reddit},
  type={Web},
  day={1},
  month={aug},
  year={2014}
}

@misc{reddit.com-mention-3,
  author={Wormer, Titus},
  authorid={wooorm_},
  title={Natural Language Parsing with Retext},
  publisher={Reddit},
  type={Web},
  day={5},
  month={aug},
  year={2014}
}

@misc{twitter.com-mention-1,
  author={dailyjs},
  authorid={dailyjs},
  title={Natural Language Parsing with Retext: http://dailyjs.com/2014/07/31/retext},
  type={Tweet},
  day={31},
  month={jul},
  year={2014}
}

@misc{twitter.com-mention-2,
  author={Ahmed, Sarfraz},
  authorid={sarfraznawaz},
  title={New #dailyjs #javascript post : Natural Language Parsing with Retext http://ift.tt/1qrUjGo},
  type={Tweet},
  day={31},
  month={jul},
  year={2014}
}

@misc{twitter.com-mention-3,
  author={Oswald, Trent},
  authorid={therebelrobot},
  title={This. Just. Made. My. Brain. Explode. https://github.com/wooorm/retext.},
  type={Tweet},
  day={1},
  month={aug},
  year={2014}
}

@misc{twitter.com-mention-4,
  author={Rinaldi, Brian},
  authorid={remotesynth},
  title={Retext is a JavaScript natural language parser useful for doing things like removing profanity, analyzing text, etc. http://bit.ly/1zCZ1GP},
  type={Tweet},
  day={1},
  month={aug},
  year={2014}
}

@misc{w3.org-filesystem-dead,
  author={U, Eric},
  title={[fileapi-directories-and-system/filewriter]},
  type={Email},
  day={2},
  month={apr},
  year={2014}
}

@misc{summly,
  publisher={Summly},
  title={Summly},
  type={Web},
}

@misc{interrobang-mks.com,
  author={Penny, Spector},
  publisher={American Translators Association},
  title={Welcome to Interrobang-Mks},
  type={Web},
  day={1},
  month={jan},
  year={1996}
}

@misc{google.com-clojure-compiler-jsdoc,
  publisher={Google},
  title={Annotating JavaScript for the Closure Compiler},
  journal={Google Developers},
  type={Web}
}

@misc{travis-ci.org,
  publisher={Travis CI GmbH},
  title={The Travis CI Blog},
  type={Web}
}

@misc{codeclimate.com,
  publisher={Bluebox},
  title={CodeClimate},
  type={Web}
}

@misc{qt-project.org-api-design-principles,
  publisher={Digia Plc},
  title={API Design Principles},
  journal={Qt Project},
  type={Web}
}

@misc{github.com-awesome-machine-learning,
  author={Misiti, Joseph},
  title={Awesome Machine Learning},
  publisher={GitHub},
  type={Web}
}

@misc{github.com-awesome-nodejs,
  author={Sorhus, Sindre},
  title={Awesome Node.js},
  publisher={GitHub},
  type={Web}
}

@misc{github.com-issue,
  authorid={gut4},
  title={Some demos not working in chrome >36},
  publisher={GitHub},
  type={Web},
  day={1},
  month={aug},
  year={2014}
}

@misc{github.com-stargazers,
  title={Stargazers · wooorm/retext},
  publisher={GitHub},
  type={Web}
}

@misc{github.com-pull-request,
  author={Burkhead, Jake},
  authorid={jlburkhead},
  title={Spelling fix in README},
  publisher={GitHub},
  type={Web},
  day={4},
  month={aug},
  year={2014}
}

@misc{opensource.org-licenses-mit,
  title={The MIT License (MIT)},
  publisher={The Open Source Initiative},
  type={Web}
}

@misc{mozilla.org-spidermonkey-parser_api,
  title={Parser API},
  journal={Mozilla Developer Network},
  publisher={Mozilla},
  type={Web}
}

@misc{textteaser-web-api,
  autho={Balbin, Jolo},
  title={TextTeaser: An Automatic Summarization Application and API},
  publisher={TextTeaser},
  type={Web}
}

@article{wordnet-web-api,
  title={Introduction to wordnet: An on-line lexical database*},
  author={Miller, George A and Beckwith, Richard and Fellbaum, Christiane and Gross, Derek and Miller, Katherine J},
  journal={International journal of lexicography},
  volume={3},
  number={4},
  pages={235--244},
  year={1990},
  publisher={Oxford Univ Press}
}

@misc{textrazor-web-api,
  title={TextRazor - The Natural Language Processing API.},
  publisher={TextRazor},
  type={Web}
}
